<record><leader>00000cas a22000007a 4500</leader><controlfield tag="001">27322145</controlfield><controlfield tag="008">930126c190u9999wyuwr ne      0    0eng d</controlfield><datafield ind1=" " ind2=" " tag="010"><subfield code="a">sn 93070013 </subfield></datafield><datafield ind1=" " ind2=" " tag="040"><subfield code="a">NVO</subfield><subfield code="b">eng</subfield><subfield code="c">NVO</subfield><subfield code="d">OCLCQ</subfield></datafield><datafield ind1=" " ind2=" " tag="042"><subfield code="a">msc</subfield></datafield><datafield ind1="0" ind2=" " tag="130"><subfield code="a">Green River star (Green River, Wyo. : 1906)</subfield></datafield><datafield ind1="1" ind2="0" tag="245"><subfield code="a">Green River star.</subfield></datafield><datafield ind1="1" ind2="3" tag="246"><subfield code="a">Wyoming star</subfield><subfield code="f">&lt;June 22, 1906&gt;-Mar. 27, 1907</subfield></datafield><datafield ind1="1" ind2="7" tag="246"><subfield code="a">Green River (Wyoming) star</subfield></datafield><datafield ind1="1" ind2="3" tag="246"><subfield code="a">Star-journal</subfield><subfield code="f">June 15-Aug. 10, 1951</subfield></datafield><datafield ind1=" " ind2=" " tag="260"><subfield code="a">Green River, Wyo. :</subfield><subfield code="b">Green River Pub. Co.</subfield></datafield><datafield ind1=" " ind2=" " tag="300"><subfield code="a">v.</subfield></datafield><datafield ind1=" " ind2=" " tag="310"><subfield code="a">Weekly</subfield></datafield><datafield ind1=" " ind2=" " tag="515"><subfield code="a">Numbering is irregular.</subfield></datafield><datafield ind1=" " ind2=" " tag="580"><subfield code="a">Published as: The Star-journal, June 15-Aug. 10, 1951.</subfield></datafield><datafield ind1=" " ind2=" " tag="580"><subfield code="a">Absorbed: The Sweetwater County journal, June 15, 1951.</subfield></datafield><datafield ind1=" " ind2=" " tag="580"><subfield code="a">Absorbed: Wyoming trails, &lt;Apr. 1958&gt;.</subfield></datafield><datafield ind1=" " ind2=" " tag="588"><subfield code="a">Description based on: Vol. 16, no. 45 (June 22, 1906).</subfield></datafield><datafield ind1=" " ind2="4" tag="651"><subfield code="a">Green River (Wyo.)</subfield><subfield code="v">Newspapers.</subfield></datafield><datafield ind1=" " ind2="4" tag="651"><subfield code="a">Sweetwater County (Wyo.)</subfield><subfield code="v">Newspapers.</subfield></datafield><datafield ind1=" " ind2=" " tag="752"><subfield code="a">United States</subfield><subfield code="b">Wyoming</subfield><subfield code="c">Sweetwater</subfield><subfield code="d">Green River.</subfield></datafield><datafield ind1="0" ind2="0" tag="780"><subfield code="t">Wyoming star</subfield><subfield code="w">(DLC)sn 93070012</subfield></datafield><datafield ind1="1" ind2="5" tag="780"><subfield code="t">Sweetwater County journal</subfield></datafield><datafield ind1="1" ind2="5" tag="780"><subfield code="t">Wyoming trails</subfield><subfield code="w">(DLC)sn 93070015</subfield></datafield><datafield ind1="1" ind2=" " tag="029"><subfield code="a">AU@</subfield><subfield code="b">000020720686</subfield></datafield></record>